%YAML 1.1
%TAG !u! tag:unity3d.com,2011:
--- !u!1 &170618
GameObject:
  m_ObjectHideFlags: 0
  m_PrefabParentObject: {fileID: 0}
  m_PrefabInternal: {fileID: 100100000}
  serializedVersion: 4
  m_Component:
  - 4: {fileID: 473956}
  - 114: {fileID: 11433042}
  - 114: {fileID: 11431364}
  m_Layer: 0
  m_Name: Game Controller
  m_TagString: Untagged
  m_Icon: {fileID: 0}
  m_NavMeshLayer: 0
  m_StaticEditorFlags: 0
  m_IsActive: 1
--- !u!4 &473956
Transform:
  m_ObjectHideFlags: 1
  m_PrefabParentObject: {fileID: 0}
  m_PrefabInternal: {fileID: 100100000}
  m_GameObject: {fileID: 170618}
  m_LocalRotation: {x: 0, y: 0, z: 0, w: 1}
  m_LocalPosition: {x: 0, y: 0, z: 0}
  m_LocalScale: {x: 1, y: 1, z: 1}
  m_Children: []
  m_Father: {fileID: 0}
  m_RootOrder: 0
--- !u!114 &11431364
MonoBehaviour:
  m_ObjectHideFlags: 1
  m_PrefabParentObject: {fileID: 0}
  m_PrefabInternal: {fileID: 100100000}
  m_GameObject: {fileID: 170618}
  m_Enabled: 1
  m_EditorHideFlags: 0
  m_Script: {fileID: 11500000, guid: 73e8541410827e04980f98fd974e97da, type: 3}
  m_Name: 
  m_EditorClassIdentifier: 
  columns: 10
  rows: 10
  floors:
  - {fileID: 187306, guid: e9e982076963bf44b8aaa59fad53a6ce, type: 2}
  - {fileID: 171142, guid: 68aba22ae9328694a90539fe71030658, type: 2}
  - {fileID: 190910, guid: 5fa01bcaf98a89c4dba0d3cafa8f3301, type: 2}
  - {fileID: 169768, guid: fc6aed2f5fc0e8144a1a77d9afa08d99, type: 2}
  - {fileID: 122412, guid: 141d1756c13db9f46bed5a47c9f0f2ee, type: 2}
  - {fileID: 100658, guid: 73db8f21fea4ada4786e5fbea1840d59, type: 2}
  - {fileID: 165198, guid: f469efcf5e8e0124987c3b8f0d313c41, type: 2}
  - {fileID: 158336, guid: 579ea4a87107fdb4ea5373a5877dcd34, type: 2}
  outerWalls:
  - {fileID: 162914, guid: d91b6914b1b933d4f89647c521c88631, type: 2}
  - {fileID: 117886, guid: d2d13020ba8d7ec499db27736292263f, type: 2}
  - {fileID: 121994, guid: 8b945b9b439d22649b67b609e21b70ff, type: 2}
  wallObstacles:
  - {fileID: 129914, guid: 838952e01c51a094cbe9c2c746bce86c, type: 2}
  - {fileID: 193362, guid: 5ca9746d1fcac6b4aa4357efa1816585, type: 2}
  - {fileID: 144120, guid: f3288eb1ddffa344eb5b98085777abb1, type: 2}
  - {fileID: 144232, guid: 8562105f99093c34ea13af19c2bb4f42, type: 2}
  - {fileID: 170548, guid: b6f5eff22a8def942a7b6ef964f4271e, type: 2}
  - {fileID: 129786, guid: 530031b4f5fb39944acc79b4b257dcea, type: 2}
  - {fileID: 186624, guid: 8d343895f6a42a64daaafece4b671497, type: 2}
  - {fileID: 193608, guid: d345d95bdc4d5de4f9bee47567d642de, type: 2}
  - {fileID: 119874, guid: 6ef33b750f42d944da6e3d5422361cdb, type: 2}
  - {fileID: 126050, guid: 15914ca3e5004844bbc1c7b47d173c9f, type: 2}
  foodItems:
  - {fileID: 198276, guid: c799ebeef804883408ca71d9a0102e60, type: 2}
  - {fileID: 107884, guid: bd3224a5f9680764f87c64c0f06fb13e, type: 2}
  - {fileID: 139114, guid: aef1d2481665ead4e892352ac7ce48bd, type: 2}
  - {fileID: 130534, guid: 633156a270b0ca24baabdbf16ac3025b, type: 2}
  - {fileID: 160954, guid: 69aeff9d10a94fc42bf61ca36834df6d, type: 2}
  radios:
  - {fileID: 135874, guid: 2303217848101fb4ba2bd62818d3a062, type: 2}
  - {fileID: 127908, guid: 4c5603c420f59944ebe040da35ef1cad, type: 2}
  - {fileID: 149898, guid: 050df71fb05c9144a9ca8abf54463575, type: 2}
  enemies:
  - {fileID: 147122, guid: b122998c31a98304082d6ef4bd970fa6, type: 2}
  - {fileID: 129352, guid: a1bd2ce77368d574eba3005dda638f46, type: 2}
  caps:
  - {fileID: 172660, guid: a342cbb2aac360e4d86ac680302115bf, type: 2}
  nuka:
  - {fileID: 166890, guid: bce3ca5d9eea10c479ee6ea6ac4c4323, type: 2}
  exit: {fileID: 140518, guid: a31a47039babed3449f0d3fac6b1ca73, type: 2}
--- !u!114 &11433042
MonoBehaviour:
  m_ObjectHideFlags: 1
  m_PrefabParentObject: {fileID: 0}
  m_PrefabInternal: {fileID: 100100000}
  m_GameObject: {fileID: 170618}
  m_Enabled: 1
  m_EditorHideFlags: 0
  m_Script: {fileID: 11500000, guid: 3e5eb493796de7e4ebb4f805fc5e16ac, type: 3}
  m_Name: 
  m_EditorClassIdentifier: 
  isPlayerTurn: 0
  areEnemiesMoving: 0
  playerCurrentHealth: 50
  gameOverSound: {fileID: 8300000, guid: bbdad7cac71eab54fb165d6131d31772, type: 3}
--- !u!1001 &100100000
Prefab:
  m_ObjectHideFlags: 1
  serializedVersion: 2
  m_Modification:
    m_TransformParent: {fileID: 0}
    m_Modifications:
    - target: {fileID: 0}
      propertyPath: floors.Array.size
      value: 1
      objectReference: {fileID: 0}
    - target: {fileID: 0}
      propertyPath: columns
      value: 10
      objectReference: {fileID: 0}
    - target: {fileID: 0}
      propertyPath: rows
      value: 10
      objectReference: {fileID: 0}
    - target: {fileID: 0}
      propertyPath: floor
      value: 
      objectReference: {fileID: 187306, guid: e9e982076963bf44b8aaa59fad53a6ce, type: 2}
    m_RemovedComponents: []
  m_ParentPrefab: {fileID: 0}
  m_RootGameObject: {fileID: 170618}
  m_IsPrefabParent: 1
